@Book{Rybicka:Latex,
	author = "Rybička, Jiří",
	title = "{{\LaTeX}} pro začátečníky",
	publisher = "Konvoj",
	year = "2003",
	edition = "3",
	address = "Brno",
	isbn = "80--7302--049--1",
}
@Misc{Wikipedia:Latex,
	author = "Wikipedia",
	title = "{{\LaTeX}}",
	howpublished = "online",
	cited = "!2015-04-18",
	url = "http://en.wikibooks.org/wiki/LaTeX/",
}
@Book{Kopka:Latech,
	title="Guide to LaTeX",
	author="Kopka, H. and Daly, P.W.",
	isbn="9780321617743",
	year="2003",
	publisher="Pearson Education",
}
@Misc{Reichestein:Typografia,
	author = "Reichenstein, Oliver",
	title = "Web Design is 95{\verb|%|} Typography",
	howpublished = "online",
	cited = "!2015-04-18",
	url = "http://ia.net/know-how/the-web-is-all-about-typography-period",
}
@BachelorThesis{Sirutek:Pravidla,
	author = {Sirůček, Michal},
	title = "Pravidla české digitální typografie",
	school = "Vysoká škola ekonomická v Praze Fakulta informatiky a statistiky",
	address = "Praha",
	year = "2006",
}
@MasterThesis{Bedrichova:vyuzitie,
	author = {Bedřichová, Jana},
	title = "Využití typografie pro management podniku",
	school = "Vysoká škola ekonomická v Praze Fakulta informatiky a statistiky",
	address = "Praha",
	year = "2011",
}
@Article{Typografia:Forma,
	author = "Sedláček, Ondřej",
	title = "Dobré obaly dobře prodávají aneb Forma versus obsah",
	journal = "Typografia",
	year = "2014",
	number = "5--6",
	pages = "1--3",
	issn = "0322--9068",
}
@Article{Typografia:Tlac,
	author = "Sedláček, Ondřej",
	title = "Návštěva u člena Kolegia Typografie v CPI Moravia Books",
	journal = "Typografia",
	year = "2013",
	number = "7--8",
	pages = "9--10",
	issn = "0322--9068",
}
@Misc{Justina:Pismo,
	author = "Justína",
	title = "Webová typografia – veľkosť fontu a riadkovanie - alejtech.eu",
	howpublished = "online",
	cited = "!2015-04-18",
	url = "http://goo.gl/LRmTeh",
}
@Article{Wagner:Zpravodaj,
	title = "Zpravodaj Československého sdružení uživatelů {{\TeX}}u",
	year = "2013",
	number = "23",
	pages = "68",
	issn = "1211-6661",
}
